@misc{ Nobody06,
       author = "Nobody Jr",
       title = "My Article",
       year = "2006" }

@inbook{ Burden11,
    author="Richard L. Burden and J. Douglas Faires",
    title="Numerical Analysis",
    edition="9th",
    year="2011",
    publisher="Richard Stratton",
    chapter="6.1"}

@inbook{ Recipes07,
    author="William H. Press, Saul A. Teukolsky, William T. Vetterling and Brian P. Flannery",
    title="Numerical recipes",
    edition="3rd",
    year="2007",
    publisher="CAMBRIDGE UNIVERSITY PRESS",
    chapter="2.4"}

@inbook{ teoEG,
    author="Isabel Mendez",
    title="Métodos Numéricos - Sistemas de ecuaciones lineales, Eliminación Gaussiana",
    edition="2C",
    year="2024"}

@misc{ laplaciano_web,
    title="https://es.wikipedia.org/wiki/Operador\_laplaciano\#Problemas\_relacionados\_con\_el\_operador\_laplaciano"}

@misc{ random_walk,
    title="https://en.wikipedia.org/wiki/Random\_walk"}
