@misc{wiki-movie-plot,
    title="\url{https://www.kaggle.com/datasets/jrobischon/wikipedia-movie-plots}"
}

@misc{wiki-movie-plot-tokens,
    title="\url{https://www.dropbox.com/scl/fi/v1fmf4pkhkf9q2axgyu3z/wiki_movie_plots_deduped_sample.csv?rlkey=tmjyh7434jr5rlwr62cbe0dvx&st=vnrtsb1e&dl=0}"
}








%%%%% ejemplos %%%%%

@misc{ Nobody06,
       author = "Nobody Jr",
       title = "My Article",
       year = "2006" }

@inbook{ Burden11,
    author="Richard L. Burden and J. Douglas Faires",
    title="Numerical Analysis",
    edition="9th",
    year="2011",
    publisher="Richard Stratton",
    chapter="6.1"}

@article{TURING01101950,
  author  = {TURING, A. M.},
  title   = {I.â€”COMPUTING MACHINERY AND INTELLIGENCE},
  volume  = {LIX},
  number  = {236},
  pages   = {433-460},
  year    = {1950},
  doi     = {10.1093/mind/LIX.236.433},
  URL     = {http://mind.oxfordjournals.org/content/LIX/236/433.short},
  eprint  = {http://mind.oxfordjournals.org/content/LIX/236/433.full.pdf+html},
  journal = {Mind}
}
@inproceedings{bayer1971binary,
  title        = {Binary B-trees for virtual memory},
  author       = {Bayer, Rudolf},
  booktitle    = {Proceedings of the 1971 ACM SIGFIDET (now SIGMOD) Workshop on Data Description, Access and Control},
  pages        = {219--235},
  year         = {1971},
  organization = {ACM}
}
